<?xml version="1.0" encoding="UTF-8"?><collection><record><leader>09483ntm a2200757 a 4500</leader><controlfield tag="001">006819457</controlfield><controlfield tag="003">MiAaHDL</controlfield><controlfield tag="005">20190719000000.0</controlfield><controlfield tag="006">m        d        </controlfield><controlfield tag="007">cr bn ---auaua</controlfield><controlfield tag="008">090617m18291843pk            00| ||pan d</controlfield><datafield tag="035" ind1=" " ind2=" "><subfield code="a">(MiU)006819457</subfield></datafield><datafield tag="035" ind1=" " ind2=" "><subfield code="a">sdr-miu006819457</subfield></datafield><datafield tag="040" ind1=" " ind2=" "><subfield code="a">MiU</subfield><subfield code="c">MiU</subfield><subfield code="e">amremm</subfield></datafield><datafield tag="041" ind1="0" ind2=" "><subfield code="a">pan</subfield><subfield code="h">per</subfield><subfield code="a">per</subfield></datafield><datafield tag="043" ind1=" " ind2=" "><subfield code="a">n-us-mi</subfield></datafield><datafield tag="100" ind1="0" ind2=" "><subfield code="6">880-01</subfield><subfield code="a">Hāmida Shāha Abbāsī,</subfield><subfield code="d">1748-</subfield></datafield><datafield tag="245" ind1="1" ind2="0"><subfield code="6">880-03</subfield><subfield code="a">[Jangnāmah-i Imām Ḥusayn va Durr al-majālis,</subfield><subfield code="f">1259, i.e. 1843 and 1244, i.e. 1829].</subfield></datafield><datafield tag="246" ind1="3" ind2=" "><subfield code="a">جنگ نامه امامین</subfield></datafield><datafield tag="246" ind1="3" ind2=" "><subfield code="a">جنگ نامه حامد</subfield></datafield><datafield tag="246" ind1="3" ind2=" "><subfield code="a">جنگ نامه</subfield></datafield><datafield tag="260" ind1=" " ind2=" "><subfield code="a">[Amīnʹpūr,</subfield><subfield code="c">1829 and 1843].</subfield></datafield><datafield tag="300" ind1=" " ind2=" "><subfield code="a">212 leaves :</subfield><subfield code="b">paper ;</subfield><subfield code="c">260 x 163 (200 x 102-105) mm.</subfield></datafield><datafield tag="500" ind1=" " ind2=" "><subfield code="a">Shelfmark: Ann Arbor, University of Michigan, Special Collections Library, Isl. Ms. 853</subfield></datafield><datafield tag="500" ind1=" " ind2=" "><subfield code="a">Origin: As appears in colophon on p.232, transcription of opening work completed 2 Dhū al-Ḥijjah 1259 [ca. 24 December 1843] in Amīnʹpūr. As appears in colophon on p.424, final work copied by Muḥammad Bakhsh valad-i Muḥammad ʻAẓīm (likely the same copyist who executed Isl. Ms. 852 and Isl. Ms. 854) with transcription completed 15 Rajab 1244 [ca. 21 January 1829].</subfield></datafield><datafield tag="500" ind1=" " ind2=" "><subfield code="a">Accompanying materials: a. Sheet of ruled paper with notes in pencil "First part | 'Jenghis-name' | Dated '1259 which corresponds to 1888' in Aminpur | Second part | Completed 1888 in same place. | Title not mentioned in colophon. Religious history" and in pen "PERSIAN SCRIPT" -- b. Card with typed description "K240 | 17301 | Indian [struck through] Persian [struck through] Mogul (?) manuscript book, leather binding with paper faces. | Amritsar." and in pen "PERSIAN SCRIPT" -- c. Photocopy of card with typed description "17301 | 865 Amritsor, India | 1 Indian manuscript book | Original no. K240. Leather binding; date 1888. | Univ., of Mich., Div. of Fine Arts | Walter Koelz, 1932-33 | March 19, 1934" -- d. Scrap with verses between pp.10-11 -- e. Torn scrap with notes between pp.64-65 -- f. Scrap torn from a page itself torn from a printed New Testament in Urdu (page appears at close of volume) between pp.92-93 -- g. Yet another torn scrap with prayer between pp.200-201 -- h. Yet another scrap with verses between pp.214-215 -- i. Page torn from a printed New Testament in Urdu (carries verses from the Gospel according to Luke) following p.424 at close of codex.</subfield></datafield><datafield tag="500" ind1=" " ind2=" "><subfield code="a">Former shelfmark: Mich. Isl. Ms. temp. no. 2</subfield></datafield><datafield tag="500" ind1=" " ind2=" "><subfield code="a">Binding: Pasteboards faced in now dull yellow laid paper with dark red leather over spine and board edges (paper faced, leather edged framed binding) ; Type III binding (without flap) ; board linings in light brown laid paper ; same dark red leather also used for inner hinges, to which textile spine lining has been glued and both sandwiched in paper ; upper and lower covers inner and outer triple-rule painted borders in silvery gray ; sewn in cream thread, two stations ; worked chevron endbands in light blue and cream, now further down on the spine, in fairly good condition though with some losses of thread and ends of rolled paper cores exposed, primaries sewn through spine lining ; overall in somewhat poor condition with abrasion, staining, lifting and losses of spine leather, upper joint split explosing spine lining and leather of inner hinge, etc. ; housed in box for protection.</subfield></datafield><datafield tag="500" ind1=" " ind2=" "><subfield code="a">Support: non-European (likely Indian) laid paper with roughly 7 laid lines per cm. (horizontal, indistinct, curving) and chain lines occasionally visible, quite cloudy formation, inclusions, fairly thick and sturdy though transluscent, only lightly burnished, light brown in color ; bit of blue thread / yarn visible in p.235.</subfield></datafield><datafield tag="500" ind1=" " ind2=" "><subfield code="a">Decoration: Section headings and keywords rubricated throughout ; text to be entered in red provided in margins.</subfield></datafield><datafield tag="500" ind1=" " ind2=" "><subfield code="a">Script: Nastaʻlīq ; elegant Indian hand in a thin to medium line ; in opening work, large and spacious, in final word smaller and more compact though appears to be the same hand ; characteristically serifless with gentle effect of words descending to baseline, inclination to the right, elongation and contrasting thickness of horizontal strokes, pointing (for two and three dots) in strokes rather than distinct dots, yāʼ always pointed, point of final nūn often set down within wide bowl ; naskh employed for transcription of some Arabic passages (see opening of final work on p.236).</subfield></datafield><datafield tag="500" ind1=" " ind2=" "><subfield code="a">Layout: Written in 25 (opening work) and 18 (final work) lines per page, with written area for opening work divided to two columns ; frame-ruled.</subfield></datafield><datafield tag="500" ind1=" " ind2=" "><subfield code="a">Collation: i, 14 IV(112), II (116), 12 IV(212), i ; almost exclusively quaternions ; middle of the quire marks in the form of oblique strokes in black in the upper outer corner of the right-hand leaf and lower outer corner of the left-hand leaf ; catchwords present ; pagination in pencil, Western numerals, supplied during digitization (includes flyleaves).</subfield></datafield><datafield tag="500" ind1=" " ind2=" "><subfield code="a">Colophon: [Jangnāmah] "Scribal," triangular, reads " ثم تم تمام شد نسخه متبرکه کتاب جنگ نامه از تصنیف حامد بتاریخ دویم دویم ماه دالحج بروز یکشنبه بوقت سپهر سنه ١٢٥٩ هجری سنه ١٨٩٨ در موضع امین پور تحریر یافت بحرمت النبی و اله الامجاد تمام تمام تم شد تم تم شد" ; [Durr al-majālis]"Scribal," triangular, reads "بید خط فقیر حقیر پر تقصیر مفتی محمد بخش ولد محمد عظیم غفر الله له بتاریخ پانزدهم ماه رجب المرجب بروز پنج شنبه سنه ۱۲۴۴ ۱۸۸۵ در ماه ماکیه در موضع امین ‌پور در خانۀ دیوا سینگه هنابل تحریر یافت والله اعلم بالصواب تمام شد"</subfield></datafield><datafield tag="500" ind1=" " ind2=" "><subfield code="a">Incipit: [Jangnāmah] "لکھ لکھ حمد الاه نون جینی کل جهاں ..." ; [Durr al-majālis] "یا ایها الذین آمنوا صلوا علیه و سلموا تسلیما پیغامبری که خلعت در عالم علوی و سفلی بطفیل عظمت وجود اوست که مقر انبیا ولایت اوست و مقر اولیاء بهدایت اوست قوله تعالی فاتبعونی یحببکم الله زهی محبوب ازل که امان نامه عذاب امت را ..."</subfield></datafield><datafield tag="500" ind1=" " ind2=" "><subfield code="a">Title supplied by cataloguer from colophon on p.232 and opening on p.236.</subfield></datafield><datafield tag="500" ind1=" " ind2=" "><subfield code="a">Ms. codex.</subfield></datafield><datafield tag="505" ind1="0" ind2=" "><subfield code="a">3. p.236-p.424 : Durr al-majālis / Sayf Ẓafar ʻAlī Nawbahārī.</subfield></datafield><datafield tag="505" ind1="0" ind2=" "><subfield code="a">2. p.233-p.235 : [originally left blank now some leaves carry elegiac poetic excerpts (مرثیه از نصیر الحق, etc.) and prayer].</subfield></datafield><datafield tag="505" ind1="0" ind2=" "><subfield code="a">1. p.4-p. 232 : Jangnāmah / Hāmida Shāha Abbāsī.</subfield></datafield><datafield tag="510" ind1="4" ind2=" "><subfield code="a">Beale, Thomas William. An Oriental biographical dictionary. revised and enlarged, Henry George Keene (London: W. H. Allen &amp; Co, Ltd, 1894),</subfield><subfield code="c">p.345</subfield></datafield><datafield tag="510" ind1="4" ind2=" "><subfield code="a">Dargah Aliyah Mahdaviya Library (Palanpur-Gujarat),</subfield><subfield code="c">no.65</subfield></datafield><datafield tag="510" ind1="4" ind2=" "><subfield code="a">Majlis Library (Tehran),</subfield><subfield code="c">1/ 14248</subfield></datafield><datafield tag="510" ind1="4" ind2=" "><subfield code="a">فهرست الفبايي نسخه هاي خطي کتابخانه گنج بخش اسلام آباد 2005</subfield><subfield code="c">صفحه 259</subfield></datafield><datafield tag="510" ind1="4" ind2=" "><subfield code="a">فهرست مشترک نسخه هاي خطي فارسي پاکستان</subfield><subfield code="c">جلد 6 صفحه 1100 تا 1099</subfield></datafield><datafield tag="520" ind1="8" ind2=" "><subfield code="a">Careful copy of a lengthy Panjabi poem on the martyrdom of Imām Ḥusayn and Durr al-majālis a Persian prose work on ethics. Extensive contributions to the cataloguing from Connie Bobroff, Arif Naushahi, Ali Rafi and Hossein Mottaghi. Further contributions to the physical description from Elizabeth Kunze.</subfield></datafield><datafield tag="538" ind1=" " ind2=" "><subfield code="a">Mode of access: Internet.</subfield></datafield><datafield tag="541" ind1=" " ind2=" "><subfield code="a">Acquired in Amritsar for the Museum of Anthropology by Walter Koelz on his two-year collecting trip in 1932-33 and received in 19 March 1934 ; apparently reached the Library in late 1970s.</subfield></datafield><datafield tag="546" ind1=" " ind2=" "><subfield code="a">Panjabi (Arabic script) and Persian.</subfield></datafield><datafield tag="561" ind1=" " ind2=" "><subfield code="a">Prayers inscribed on front flyleaf (p.2) ; text to be entered in red ink supplied on margins ; occasional corrections indicating variants.</subfield></datafield><datafield tag="650" ind1=" " ind2="0"><subfield code="a">Manuscripts, Persian</subfield><subfield code="z">Michigan</subfield><subfield code="z">Ann Arbor.</subfield></datafield><datafield tag="650" ind1=" " ind2="0"><subfield code="a">Manuscripts, Panjabi</subfield><subfield code="z">Michigan</subfield><subfield code="z">Ann Arbor.</subfield></datafield><datafield tag="650" ind1=" " ind2="0"><subfield code="a">Islamic ethics</subfield><subfield code="v">Early works to 1800.</subfield></datafield><datafield tag="650" ind1=" " ind2="0"><subfield code="a">Sufism</subfield><subfield code="v">Early works to 1800.</subfield></datafield><datafield tag="650" ind1=" " ind2="0"><subfield code="a">Prophets in the Qurʼan.</subfield></datafield><datafield tag="650" ind1=" " ind2="0"><subfield code="a">Imams (Shiites)</subfield><subfield code="v">Poetry</subfield><subfield code="v">Early works to 1800.</subfield></datafield><datafield tag="650" ind1=" " ind2="0"><subfield code="a">Muslim martyrs</subfield><subfield code="v">Poetry</subfield><subfield code="v">Early works to 1800.</subfield></datafield><datafield tag="650" ind1=" " ind2="0"><subfield code="a">Shiite poetry</subfield><subfield code="v">Early works to 1800.</subfield></datafield><datafield tag="650" ind1=" " ind2="0"><subfield code="a">Karbalāʼ, Battle of, Karbalāʼ, Iraq, 680</subfield><subfield code="v">Poetry.</subfield></datafield><datafield tag="700" ind1="0" ind2=" "><subfield code="6">880-07</subfield><subfield code="a">Muḥammad Bakhsh ibn Muḥammad ʻAẓīm</subfield><subfield code="d">fl. 1822,</subfield><subfield code="e">scribe.</subfield></datafield><datafield tag="700" ind1="0" ind2="2"><subfield code="6">880-04</subfield><subfield code="a">Sayf Ẓafar ʻAlī Nawbahārī,</subfield><subfield code="d">fl. 13th century.</subfield><subfield code="t">Durr al-majālis.</subfield></datafield><datafield tag="773" ind1="0" ind2=" "><subfield code="a">Walter Koelz Manuscripts.</subfield></datafield><datafield tag="880" ind1="0" ind2=" "><subfield code="6">700-07/</subfield><subfield code="a">محمد بخش بن محمد عظيم،</subfield><subfield code="e">ناسخ.</subfield></datafield><datafield tag="880" ind1="0" ind2="2"><subfield code="6">700-04/</subfield><subfield code="a">سيف ظفر على نوبهارى.</subfield><subfield code="t">در المجالس.</subfield></datafield><datafield tag="880" ind1="1" ind2="0"><subfield code="6">245-03/</subfield><subfield code="a">[جنگنامه امام حسین و در المجالس،</subfield><subfield code="f">1259ه، 1843م و 1244ه، 1829م].</subfield></datafield><datafield tag="880" ind1="0" ind2=" "><subfield code="6">100-01/</subfield><subfield code="a">حامد شاه عباسى.</subfield></datafield><datafield tag="CID" ind1=" " ind2=" "><subfield code="a">006819457</subfield></datafield><datafield tag="DAT" ind1="0" ind2=" "><subfield code="a">20190719102639.0</subfield><subfield code="b">20190719000000.0</subfield></datafield><datafield tag="DAT" ind1="1" ind2=" "><subfield code="a">20190719090653.0</subfield><subfield code="b">2019-07-19T16:12:07Z</subfield></datafield><datafield tag="DAT" ind1="2" ind2=" "><subfield code="a">2015-10-02T18:00:03Z</subfield></datafield><datafield tag="CAT" ind1=" " ind2=" "><subfield code="a">SDR-MIU</subfield><subfield code="d">EX LIBRIS - ALEPH</subfield><subfield code="l">prepare.pl-004-008</subfield></datafield><datafield tag="FMT" ind1=" " ind2=" "><subfield code="a">BK</subfield></datafield><datafield tag="HOL" ind1=" " ind2=" "><subfield code="0">sdr-miu006819457</subfield><subfield code="a">MiU</subfield><subfield code="b">SDR</subfield><subfield code="c">MIU</subfield><subfield code="p">mdp.39015079130384</subfield><subfield code="s">MIU</subfield><subfield code="1">006819457</subfield></datafield><datafield tag="974" ind1=" " ind2=" "><subfield code="b">MIU</subfield><subfield code="c">MIU</subfield><subfield code="d">20190719</subfield><subfield code="s">lit-dlps-dc</subfield><subfield code="u">mdp.39015079130384</subfield><subfield code="y">1843</subfield><subfield code="r">pd</subfield><subfield code="q">bib</subfield><subfield code="t">non-US bib date2, date type m &lt; 1896</subfield></datafield></record></collection>